@article{netzer2011reading,
  title={Reading digits in natural images with unsupervised feature learning},
  author={Netzer, Yuval and Wang, Tao and Coates, Adam and Bissacco, Alessandro and Wu, Bo and Ng, Andrew Y},
  year={2011}
}

@inproceedings{sermanet2012convolutional,
  title={Convolutional neural networks applied to house numbers digit classification},
  author={Sermanet, Pierre and Chintala, Soumith and LeCun, Yann},
  booktitle={Pattern Recognition (ICPR), 2012 21st International Conference on},
  pages={3288--3291},
  year={2012},
  organization={IEEE}
}

@misc{lecun1998mnist,
  title={The MNIST database of handwritten digits},
  author={LeCun, Yann and Cortes, Corinna and Burges, Christopher JC},
  year={1998}
}
